@article{ingham2021over,
  title={Over 60,000 tracks are now uploaded to Spotify every day. That’s nearly one per second},
  author={Ingham, Tim},
  journal={Music Business Worldwide},
  volume={24},
  year={2021}
}

@article{barata2021music,
  title={Music streaming services: understanding the drivers of customer purchase and intention to recommend},
  author={Barata, Mariana Lopes and Coelho, Pedro Simoes},
  journal={Heliyon},
  volume={7},
  number={8},
  year={2021},
  publisher={Elsevier}
}

@article{dannenberg2010style,
  title={Style in music},
  author={Dannenberg, Roger B},
  journal={The Structure of Style: Algorithmic Approaches to Understanding Manner and Meaning},
  pages={45--57},
  year={2010},
  publisher={Springer}
}

@article{1598089,
  author={Scaringella, N. and Zoia, G. and Mlynek, D.},
  journal={IEEE Signal Processing Magazine}, 
  title={Automatic genre classification of music content: a survey}, 
  year={2006},
  volume={23},
  number={2},
  pages={133-141},
  keywords={Multiple signal classification;Taxonomy;Databases;Libraries;Electronic music;Context-aware services;Labeling;Search engines;Data mining;Expert systems},
  doi={10.1109/MSP.2006.1598089}}

@inproceedings{ndou2021music,
  title={Music genre classification: A review of deep-learning and traditional machine-learning approaches},
  author={Ndou, Ndiatenda and Ajoodha, Ritesh and Jadhav, Ashwini},
  booktitle={2021 IEEE International IOT, Electronics and Mechatronics Conference (IEMTRONICS)},
  pages={1--6},
  year={2021},
  organization={IEEE}
}

@article{doi:10.1080/09298215.2020.1761399,
author = {Antonio Caparrini, Javier Arroyo, Laura Pérez-Molina and Jaime Sánchez-Hernández},
title = {Automatic subgenre classification in an electronic dance music taxonomy},
journal = {Journal of New Music Research},
volume = {49},
number = {3},
pages = {269--284},
year = {2020},
publisher = {Routledge},
doi = {10.1080/09298215.2020.1761399},


URL = { 
    
        https://doi.org/10.1080/09298215.2020.1761399
    
    

},
eprint = { 
    
        https://doi.org/10.1080/09298215.2020.1761399
    
    

}

}

@book{weinstein2000heavy,
  title={Heavy metal: The music and its culture},
  author={Weinstein, Deena},
  year={2000},
  publisher={Da Capo Press}
}

@article{pelchat2020neural,
  title={Neural network music genre classification},
  author={Pelchat, Nikki and Gelowitz, Craig M},
  journal={Canadian Journal of Electrical and Computer Engineering},
  volume={43},
  number={3},
  pages={170--173},
  year={2020},
  publisher={IEEE}
}

@article{sturm2013gtzan,
  title={The GTZAN dataset: Its contents, its faults, their effects on evaluation, and its future use},
  author={Sturm, Bob L},
  journal={arXiv preprint arXiv:1306.1461},
  year={2013}
}

@misc{hastie2009elements,
  title={The elements of statistical learning: data mining, inference, and prediction},
  author={Hastie, Trevor},
  year={2009},
  publisher={Springer}
}

@article{pedregosa2011scikit,
  title={Scikit-learn: Machine learning in Python},
  author={Pedregosa, Fabian and Varoquaux, Ga{\"e}l and Gramfort, Alexandre and Michel, Vincent and Thirion, Bertrand and Grisel, Olivier and Blondel, Mathieu and Prettenhofer, Peter and Weiss, Ron and Dubourg, Vincent and others},
  journal={the Journal of machine Learning research},
  volume={12},
  pages={2825--2830},
  year={2011},
  publisher={JMLR. org}
}

@book{gulli2017deep,
  title={Deep learning with Keras},
  author={Gulli, Antonio and Pal, Sujit},
  year={2017},
  publisher={Packt Publishing Ltd}
}

@article{giannakopoulos2015pyaudioanalysis,
  title={pyaudioanalysis: An open-source python library for audio signal analysis},
  author={Giannakopoulos, Theodoros},
  journal={PloS one},
  volume={10},
  number={12},
  pages={e0144610},
  year={2015},
  publisher={Public Library of Science San Francisco, CA USA}
}

@inproceedings{jeni2013facing,
  title={Facing imbalanced data--recommendations for the use of performance metrics},
  author={Jeni, L{\'a}szl{\'o} A and Cohn, Jeffrey F and De La Torre, Fernando},
  booktitle={2013 Humaine association conference on affective computing and intelligent interaction},
  pages={245--251},
  year={2013},
  organization={IEEE}
}

@book{archer2021metaldata,
  title={Metaldata: A Bibliography of Heavy Metal Resources},
  author={Archer-Capuzzo, Sonia and Capuzzo, Guy},
  volume={43},
  year={2021},
  publisher={AR Editions, Inc.}
}

@article{mcleod2001genres,
  title={Genres, subgenres, sub-subgenres and more: Musical and social differentiation within electronic/dance music communities},
  author={McLeod, Kembrew},
  journal={Journal of popular music studies},
  volume={13},
  number={1},
  pages={59--75},
  year={2001},
  publisher={Taylor \& Francis}
}

@article{hider2023polyphony,
  title={A polyphony of characteristics: An analysis of the categorisation of music’s subgenres},
  author={Hider, Philip and Lee, Deborah},
  journal={Journal of Information Science},
  pages={01655515231203511},
  year={2023},
  publisher={SAGE Publications Sage UK: London, England}
}

@mastersthesis{tsatsishvili2011automatic,
  title={Automatic subgenre classification of heavy metal music},
  author={Tsatsishvili, Valeri},
  year={2011}
}

@inproceedings{mcfee2015librosa,
  title={librosa: Audio and music signal analysis in python.},
  author={McFee, Brian and Raffel, Colin and Liang, Dawen and Ellis, Daniel PW and McVicar, Matt and Battenberg, Eric and Nieto, Oriol},
  booktitle={SciPy},
  pages={18--24},
  year={2015}
}

@book{marjenin2014metal,
  title={The metal folk: The impact of music and culture on folk metal and the music of Korpiklaani},
  author={Marjenin, Peter A},
  year={2014},
  publisher={Kent State University}
}

@book{eriksson2019spotify,
  title={Spotify teardown: Inside the black box of streaming music},
  author={Eriksson, Maria and Fleischer, Rasmus and Johansson, Anna and Snickars, Pelle and Vonderau, Patrick},
  year={2019},
  publisher={Mit Press}
}
